<?xml version="1.0" encoding="UTF-8"?><collection xmlns="http://www.loc.gov/MARC21/slim"><record><leader>00376nam--2200121-i-4500</leader><controlfield tag="001">000021597</controlfield><controlfield tag="002">20161230</controlfield><controlfield tag="005">20161230201034</controlfield><controlfield tag="008">060222s1000------------r-----000-0-eng-d</controlfield><datafield ind1=" " ind2=" " tag="100"><subfield code="a">Griffith, Robert F</subfield></datafield><datafield ind1=" " ind2=" " tag="245"><subfield code="a">Sources, supplies and uses of beryllium</subfield></datafield><datafield ind1=" " ind2=" " tag="260"><subfield code="a">Washington, U.S. Atomic Energy Comm., 1954. /F.P./, 5fig. Reprinted From April 1953 Metal Progress</subfield></datafield><datafield ind1=" " ind2=" " tag="852"><subfield code="a">6185</subfield></datafield></record></collection>